<?xml version="1.0" encoding="UTF-8"?><collection xmlns="http://www.loc.gov/MARC21/slim"><record><leader>00364nam--2200121-i-4500</leader><controlfield tag="001">000027642</controlfield><controlfield tag="002">20161230</controlfield><controlfield tag="005">20161230201036</controlfield><controlfield tag="008">060222s1000------------r-----000-0-eng-d</controlfield><datafield ind1=" " ind2=" " tag="100"><subfield code="a">Kreis, Peter</subfield></datafield><datafield ind1=" " ind2=" " tag="245"><subfield code="a">Cobol. die programmierungssprache fur kommerzielle aufgaben. lehrbuch zum selbstunterricht</subfield></datafield><datafield ind1=" " ind2=" " tag="260"><subfield code="a">Munchen, R.Oldenbourg Verlag, 1964, 359p</subfield></datafield><datafield ind1=" " ind2=" " tag="852"><subfield code="a">21762</subfield></datafield></record></collection>